<?xml version="1.0" encoding="UTF-8"?><collection xmlns="http://www.loc.gov/MARC21/slim"><record><leader>00560nam--2200181-i-4500</leader><controlfield tag="001">000008702</controlfield><controlfield tag="002">20161230</controlfield><controlfield tag="005">20161230201027</controlfield><controlfield tag="008">060222s1000------------r-----000-0-ger-d</controlfield><datafield ind1=" " ind2=" " tag="040"><subfield code="a">IFIN-HH</subfield></datafield><datafield ind1=" " ind2=" " tag="041"><subfield code="a">ger</subfield></datafield><datafield ind1=" " ind2=" " tag="080"><subfield code="a">535.65</subfield></datafield><datafield ind1="1" ind2=" " tag="100"><subfield code="a">Bersick, Gerhard</subfield></datafield><datafield ind1="1" ind2="0" tag="245"><subfield code="a">Untersuchungen der farbwiedegabe sehr kleiner farbflachen unter besonderer berucksichtigung von merschichten-farbfilmen. dissertation</subfield><subfield code="c">Gerhard bersick</subfield></datafield><datafield ind1=" " ind2=" " tag="260"><subfield code="a">Berlin</subfield><subfield code="b">Technische Universitat</subfield><subfield code="c">1967</subfield></datafield><datafield ind1=" " ind2=" " tag="300"><subfield code="a">IV + 61 P</subfield></datafield><datafield ind1=" " ind2=" " tag="852"><subfield code="a">29873</subfield><subfield code="c">535</subfield></datafield><datafield ind1=" " ind2=" " tag="CAT"><subfield code="a">Sys</subfield><subfield code="c">20101026</subfield><subfield code="h">151323</subfield></datafield></record></collection>